@ARTICLE{Paivi,
  Title                    = {IMAGING OF DOPAMINE AND SEROTONIN TRANSPORTERS - Pre-Clinical Studies with Radiotracers for Positron Emission Tomography},
  Author                   = {Päivi Marjamäki},
  School                   = {Turun Yliopisto University of Turku},
  Year                     = {2011},
  Owner                    = {chymera},
  Timestamp                = {2016.02.22}
}

